<collection xmlns="http://www.loc.gov/MARC21/slim">
<record>
  <leader>02302nam0a2200385 i 450 </leader>
  <controlfield tag="001">IT\ICCU\CNCE\025332</controlfield>
  <controlfield tag="005">20110218000000.0</controlfield>
  <datafield tag="012" ind1=" " ind2=" ">
    <subfield code="a">s.c- e,ul r-es &amp;fca (3) 1577 (A)</subfield>
    <subfield code="2">fei</subfield>
  </datafield>
  <datafield tag="100" ind1=" " ind2=" ">
    <subfield code="a">19970925d1577        0itac0103    ba</subfield>
  </datafield>
  <datafield tag="101" ind1=" " ind2=" ">
    <subfield code="a">LAT</subfield>
  </datafield>
  <datafield tag="102" ind1=" " ind2=" ">
    <subfield code="a">IT</subfield>
  </datafield>
  <datafield tag="200" ind1="1" ind2=" ">
    <subfield code="a">Theriace, et mithridatia Nicolai Stelliolae Nolani libellus, in quo harum antidotorum apparatus, atque vsus monstratur. Marantae, ac Patavini collegii controversiae perpenduntur. Praeterea de plurimis haud satis cognitis medicamentis disseritur</subfield>
  </datafield>
  <datafield tag="210" ind1=" " ind2=" ">
    <subfield code="a">Neapoli</subfield>
    <subfield code="c">apud Marinum de Alexandro in officina Aquilae</subfield>
    <subfield code="d">1577</subfield>
    <subfield code="e">Neapoli</subfield>
    <subfield code="g">apud Marinum de Alexandro</subfield>
    <subfield code="h">1577</subfield>
  </datafield>
  <datafield tag="215" ind1=" " ind2=" ">
    <subfield code="a">\4!, 47, \1! c.</subfield>
    <subfield code="d">4ʻ</subfield>
  </datafield>
  <datafield tag="620" ind1=" " ind2=" ">
    <subfield code="a">IT</subfield>
    <subfield code="d">Napoli</subfield>
  </datafield>
  <datafield tag="700" ind1=" " ind2="1">
    <subfield code="a">Stigliola,</subfield>
    <subfield code="b">Nicola Antonio</subfield>
    <subfield code="3">IT\ICCU\CNCA\007407</subfield>
  </datafield>
  <datafield tag="712" ind1="0" ind2="0">
    <subfield code="a">D&apos;Alessandri, Marino</subfield>
    <subfield code="3">IT\ICCU\CNCT\001319</subfield>
    <subfield code="4">650</subfield>
  </datafield>
  <datafield tag="790" ind1=" " ind2="1">
    <subfield code="a">Stelliola,</subfield>
    <subfield code="b">Nicola</subfield>
    <subfield code="3">IT\ICCU\CNCA\007408</subfield>
    <subfield code="z">Stigliola, Nicola Antonio</subfield>
  </datafield>
  <datafield tag="790" ind1=" " ind2="1">
    <subfield code="a">Stelliola,</subfield>
    <subfield code="b">Antonio</subfield>
    <subfield code="3">IT\ICCU\CNCA\024416</subfield>
    <subfield code="z">Stigliola, Nicola Antonio</subfield>
  </datafield>
  <datafield tag="790" ind1=" " ind2="1">
    <subfield code="a">Stelliola,</subfield>
    <subfield code="b">Nicolaus</subfield>
    <subfield code="3">IT\ICCU\CNCA\024417</subfield>
    <subfield code="z">Stigliola, Nicola Antonio</subfield>
  </datafield>
  <datafield tag="790" ind1=" " ind2="1">
    <subfield code="a">Stelliola,</subfield>
    <subfield code="b">Niccol ̣Antonio</subfield>
    <subfield code="3">IT\ICCU\CNCA\029380</subfield>
    <subfield code="z">Stigliola, Nicola Antonio</subfield>
  </datafield>
  <datafield tag="791" ind1="0" ind2="0">
    <subfield code="a">Alexandris, Marinus de</subfield>
    <subfield code="3">IT\ICCU\CNCT\002708</subfield>
    <subfield code="z">D&apos;Alessandri, Marino</subfield>
  </datafield>
  <datafield tag="791" ind1="0" ind2="0">
    <subfield code="a">Alessandri, Marino d&apos;</subfield>
    <subfield code="3">IT\ICCU\CNCT\003150</subfield>
    <subfield code="z">D&apos;Alessandri, Marino</subfield>
  </datafield>
  <datafield tag="791" ind1="0" ind2="0">
    <subfield code="a">Alessandro, Marino d&apos;</subfield>
    <subfield code="3">IT\ICCU\CNCT\004472</subfield>
    <subfield code="z">D&apos;Alessandri, Marino</subfield>
  </datafield>
  <datafield tag="791" ind1="0" ind2="0">
    <subfield code="a">Alexandro, Marinus de</subfield>
    <subfield code="3">IT\ICCU\CNCT\004473</subfield>
    <subfield code="z">D&apos;Alessandri, Marino</subfield>
  </datafield>
  <datafield tag="801" ind1=" " ind2="3">
    <subfield code="a">IT</subfield>
    <subfield code="b">ICCU</subfield>
    <subfield code="c">20201114</subfield>
  </datafield>
  <datafield tag="899" ind1=" " ind2=" ">
    <subfield code="a">Biblioteca universitaria. Bologna</subfield>
    <subfield code="1">BO0098</subfield>
    <subfield code="2">UBO BU</subfield>
  </datafield>
  <datafield tag="899" ind1=" " ind2=" ">
    <subfield code="a">Biblioteca civica Berio. Genova</subfield>
    <subfield code="1">GE0036</subfield>
    <subfield code="2">SGE BE</subfield>
  </datafield>
  <datafield tag="899" ind1=" " ind2=" ">
    <subfield code="a">Biblioteca nazionale Vittorio Emanuele III. Napoli</subfield>
    <subfield code="1">NA0079</subfield>
    <subfield code="2">NAP BN</subfield>
  </datafield>
  <datafield tag="899" ind1=" " ind2=" ">
    <subfield code="a">Biblioteca universitaria. Padova</subfield>
    <subfield code="1">PD0158</subfield>
    <subfield code="2">PUV 00</subfield>
  </datafield>
  <datafield tag="899" ind1=" " ind2=" ">
    <subfield code="a">Biblioteca dell&apos;Accademia nazionale dei Lincei e Corsiniana. Roma</subfield>
    <subfield code="1">RM0418</subfield>
    <subfield code="2">RML 10</subfield>
  </datafield>
  <datafield tag="899" ind1=" " ind2=" ">
    <subfield code="a">Biblioteca della Fondazione Luigi Firpo. Centro di studi sul pensiero politico. Torino</subfield>
    <subfield code="1">TO0469</subfield>
    <subfield code="2">TO0 18</subfield>
  </datafield>
  <datafield tag="899" ind1=" " ind2=" ">
    <subfield code="a">British Library. London</subfield>
    <subfield code="1">UK0001</subfield>
  </datafield>
  <datafield tag="911" ind1=" " ind2=" ">
    <subfield code="a">Sul front.</subfield>
    <subfield code="9">IT\ICCU\CNCM\000115</subfield>
  </datafield>
  <datafield tag="921" ind1=" " ind2=" ">
    <subfield code="a">IT\ICCU\CNCM\000115</subfield>
    <subfield code="b">Aquila coronata ad ali spiegate poggia sul ramo di un tronco d&apos;albero.</subfield>
    <subfield code="e">Renovabitur.</subfield>
    <subfield code="c">V89</subfield>
    <subfield code="c">Z125</subfield>
    <subfield code="d">Dimensioni: 4 x 5,4</subfield>
    <subfield code="f">ALI</subfield>
    <subfield code="f">AQUILA</subfield>
    <subfield code="f">CORONA</subfield>
    <subfield code="f">RAMO</subfield>
    <subfield code="f">RENOVABITU</subfield>
    <subfield code="g">1576-1593</subfield>
  </datafield>
</record>
</collection>
